
@misc{blumerEPFLLibraryResearch,
  title = {{{EPFL Library Research Data Management Fastguides}}},
  author = {Blumer, Eliane Ninfa and Chaptinel, Jérôme Julien and Masson, Antoine and Reichler, Fintin and Samath, Sitthida}
}

@article{borerSimpleGuidelinesEffective2009,
  title = {Some {{Simple Guidelines}} for {{Effective Data Management}}},
  author = {Borer, Elizabeth T. and Seabloom, Eric W. and Jones, Matthew B. and Schildhauer, Mark},
  date = {2009-04},
  journaltitle = {Bulletin of the Ecological Society of America},
  shortjournal = {Bulletin of the Ecological Society of America},
  volume = {90},
  pages = {205--214},
  issn = {0012-9623},
  doi = {10.1890/0012-9623-90.2.205},
  url = {http://doi.wiley.com/10.1890/0012-9623-90.2.205},
  urldate = {2020-08-05},
  file = {/home/jen/papers/Borer_et_al-2009-The_Bulletin_of_the_Ecological_Society_of_America.pdf},
  langid = {english},
  number = {2}
}

@online{dataoneDocumentStoreDataa,
  title = {Document and Store Data Using Stable File Formats | {{DataONE}}},
  author = {DataONE},
  url = {https://old.dataone.org/best-practices/document-and-store-data-using-stable-file-formats},
  urldate = {2020-07-24},
  file = {/home/jen/Zotero/storage/WZCRHUDP/document-and-store-data-using-stable-file-formats.html}
}

@online{downieBitesizedRDMReadme,
  title = {Bite-Sized {{RDM}} \#5 - the Readme File},
  author = {Downie, Alastair},
  journaltitle = {IT and Research Data Management at the Gurdon Institute},
  url = {https://gurdoncomputing.blog/2019/12/02/bite-sized-research-data-management-5-the-readme-file},
  urldate = {2020-02-27}
}

@online{stanforduniversitylibrariesBestPracticesFile,
  title = {Best Practices for File Formats},
  author = {Stanford University Libraries},
  journaltitle = {Stanford Libraries},
  url = {https://library.stanford.edu/research/data-management-services/data-best-practices/best-practices-file-formats},
  urldate = {2020-07-24},
  langid = {english}
}

@online{thelibrariesofthemassachusettsinstituteoftechnologyFileFormatsLongterm,
  title = {File Formats for Long-Term Access | {{Data}} Management},
  author = {The libraries of the Massachusetts Institute of Technology},
  journaltitle = {Data management},
  url = {view-source:https://libraries.mit.edu/data-management/store/formats/},
  urldate = {2020-07-24}
}

@online{theuniversityofedinburghStorageSecurity,
  title = {Storage \& Security.},
  author = {The University of Edinburgh},
  journaltitle = {MANTRA Research Data Management Training.},
  url = {https://mantra.edina.ac.uk/storageandsecurity/},
  urldate = {2020-07-28}
}

@online{wikipediaChecksuma,
  title = {Checksum},
  author = {Wikipedia},
  journaltitle = {Wikipedia The Free Encyclopedia},
  url = {https://en.wikipedia.org/wiki/Checksum},
  urldate = {2020-07-28}
}

@online{wikipediaMd5sum,
  title = {Md5sum},
  author = {Wikipedia},
  journaltitle = {Wikipedia The Free Encyclopedia},
  url = {https://en.wikipedia.org/wiki/Md5sum},
  urldate = {2020-09-15}
}

@online{wikipediaSha1sum,
  title = {Sha1sum},
  author = {Wikipedia},
  journaltitle = {Wikipedia The Free Encyclopedia},
  url = {https://en.wikipedia.org/wiki/Sha1sum},
  urldate = {2020-09-15}
}


